
@techreport{crisp,
  added-at = {2009-09-30T15:27:52.000+0200},
  author = {Chapman, Pete and Clinton, Julian and Kerber, Randy and Khabaza, Thomas and Reinartz, Thomas and Shearer, Colin and Wirth, Rudiger},
  biburl = {https://www.bibsonomy.org/bibtex/2040740579b3d449a8d2b38efbd64b0bd/andrea.zanda},
  citeulike-article-id = {1025172},
  citeulike-linkout-0 = {https://www.the-modeling-agency.com/crisp-dm.pdf},
  description = {CRISP DM reference},
  institution = {The CRISP-DM consortium},
  interhash = {d20b2a4a6204b04306c3fa3fcaf8ddbf},
  intrahash = {040740579b3d449a8d2b38efbd64b0bd},
  keywords = {CRISP_DM},
  month = {August},
  posted-at = {2007-01-04 16:36:46},
  priority = {2},
  timestamp = {2009-09-30T15:27:52.000+0200},
  title = {CRISP-DM 1.0 Step-by-step data mining guide},
  url = {https://www.the-modeling-agency.com/crisp-dm.pdf},
  year = 2000
}



@misc{plasticc_team_2019_2539456,
  author       = {PLASTICC Team and
                  PLASTICC Modelers},
  title        = {{Unblinded Data for PLAsTiCC Classification 
                   Challenge}},
  month        = jan,
  year         = 2019,
  note         = {{Funding provided by: US National Science 
                   Foundation (NSF), US Department of Energy (DOE),
                   Association of Universities for Research in
                   Astronomy (AURA), Stanford Linear Accelerator
                   Center (SLAC), LSST Corporation (LSSTc), LSST Dark
                   Energy Science Collaboration (LSST-DESC), LSST
                   Transients and Variables Stars Science
                   Collaboration (LSST-TVS), Kaggle.}},
  doi          = {10.5281/zenodo.2539456},
  url          = {https://doi.org/10.5281/zenodo.2539456}
}

@inproceedings{ye2009time,
  title={Time series shapelets: a new primitive for data mining},
  author={Ye, Lexiang and Keogh, Eamonn},
  booktitle={Proceedings of the 15th ACM SIGKDD international conference on Knowledge discovery and data mining},
  pages={947--956},
  year={2009},
  organization={ACM}
}

@inproceedings{grabocka2014learning,
  title={Learning time-series shapelets},
  author={Grabocka, Josif and Schilling, Nicolas and Wistuba, Martin and Schmidt-Thieme, Lars},
  booktitle={Proceedings of the 20th ACM SIGKDD international conference on Knowledge discovery and data mining},
  pages={392--401},
  year={2014},
  organization={ACM}
}


@misc{tslearn,
 title={tslearn: A machine learning toolkit dedicated to time-series data},
 author={Tavenard, Romain},
 year={2017},
 note={\url{https://github.com/rtavenar/tslearn}}
}

@article{fotso2018frobenius,
  title={Frobenius correlation based u-shapelets discovery for time series clustering},
  author={Fotso, Vanel Steve Siyou and Nguifo, Engelbert Mephu and Vaslin, Philippe},
  year={2018}
}

@inproceedings{chen2016xgboost,
  title={Xgboost: A scalable tree boosting system},
  author={Chen, Tianqi and Guestrin, Carlos},
  booktitle={Proceedings of the 22nd acm sigkdd international conference on knowledge discovery and data mining},
  pages={785--794},
  year={2016},
  organization={ACM}
}

@article{duchi2011adaptive,
  title={Adaptive subgradient methods for online learning and stochastic optimization},
  author={Duchi, John and Hazan, Elad and Singer, Yoram},
  journal={Journal of Machine Learning Research},
  volume={12},
  number={Jul},
  pages={2121--2159},
  year={2011}
}